@online{ programmerguru-online,
	title = {Android Restful Webservice Tutorial - How to call RESTful webservice in Android - Part 3 | Android Tutorial Blog},
	url = {http://programmerguru.com/android-tutorial/android-restful-webservice-tutorial-how-to-call-restful-webservice-in-android-part-3/},
	organization = {programmerguru},
	note = {03.04.2018}
}

@online{stackoverflow-launch,
	title = {How do I launch the Android emulator from the command line? - Stack Overflow},
	url = {https://stackoverflow.com/questions/4974568/how-do-i-launch-the-android-emulator-from-the-command-line},
	organization = {Stackoverflow},
	note = {03.04.2018}
}



% Beispiel!
@online{ wiki:framework,
	title = {Framework},
	author = {Wikipedia Autoren},
	url = {https://de.wikipedia.org/wiki/Framework},
	organization = {Wikipedia},
	note = {07.03.2018}
}

@online{ wiki:syt,
	title = {Systemtechnik},
	author = {Wikipedia Autoren},
	url = {https://de.wikipedia.org/wiki/Systemtechnik},
	organization = {Wikipedia},
	note = {07.03.2018}
}

@online{ wiki:stakeholder,
	title = {Stakeholder},
	author = {Wikipedia Autoren},
	url = {https://de.wikipedia.org/wiki/Stakeholder},
	organization = {Wikipedia},
	note = {21.03.2018}
}

@online{ ws:template,
	title = {Creative - One Page Bootstrap Theme},
	author = {BlackrockDigital},
	url = {https://startbootstrap.com/template-overviews/creative},
	organization = {BlackrockDigital},
	note = {15.03.2018}
}

@online{ agil,
	title = {Manifest für Agile Softwareentwicklung},
	author = {Kent Beck und weitere Autoren},
	url = {http://agilemanifesto.org/iso/de/manifesto.html},
	urldate = {2018-03-26}
}

@online{ balsamiq,
	title = {Balsamiq},
	url = {https://balsamiq.com},
	subtitle = {Rapid, effective and fun wireframing software},
	organization = {Balsamiq Studios, LLC},
	urldate = {2018-03-21}
}

@online{ chromium,
	title = {Chromium - The Chromium Projects},
	author = {The Chromium Project Autoren},
	url = {https://www.chromium.org/Home},
	organization = {The Chromium Projects},
	urldate = {2018-03-17}
}

@online{ cordova,
	title = {Apache Cordova},
	organization = {Apache},
	url = {https://cordova.apache.org},
	urldate = {2018-03-27}
}

@online{ diplomarbeiten,
	title = {HTL-Innovativ :: htl.at : Diplomarbeiten},
	author = {htl.at},
	organization = {Bundesministerium für Bildung},
	url = {http://www.htl.at/htlat/diplom-und-abschlussarbeiten/diplomarbeiten.html},
	urldate = {2018-03-26}	
}

@online{ discord,
	title = {Discord},
	autoren = {Discord Autoren},
	url = {https://discordapp.com},
	subtitle = {Free voice and text chat for gamers},
	note = {21.03.2018}
}

@online{ blink,
	title = {Blink - The Chromium Projects},
	author = {The Chromium Project Autoren},
	url = {https://www.chromium.org/blink},
	organization = {The Chromium Projects},
	note = {17.03.2018}
}



@online{ electron,
	title = {Electron | Build cross platform desktop apps with JavaScript, HTML, and CSS},
	author = {Electron Autoren},
	url = {https://electronjs.org},
	organization = {GitHub},
	note = {17.03.2018}
}

@online{ electron:nwjs,
	title = {Technical Differences Between Electron and NW.js (formerly node-webkit)},
	author = {Electron Autoren},
	url = {https://electronjs.org/docs/development/atom-shell-vs-node-webkit},
	organization = {GitHub},
	urldate = {2018-03-17}
}
 
@online{ electron-quickstart,
	title = {Electron},
	subtitle = {Quick Start},
	author = {Electron Autoren},
	url = {https://electronjs.org/docs/tutorial/quick-start},
	organization = {GitHub},
	urldate = {2018-03-27}
}

@book{ learn-pixi,
	author = {Rex van der Spuy},
	title = {Learn Pixi.js},
	year = {2015},
	publisher = {APress},
	ISBN = {978-1-4842-1095-6,978-1-4842-1094-9},
	subtitle = {Create Great Interactive Graphics for Games}
}

@online{ meteor,
	title = {Meteor},
	subtitle = {Build Apps with JavaScript},
	organization = {Meteor Development Group Inc.},
	url = {https://www.meteor.com},
	urldate = {2018-03-27}
}

@online{ nwjs,
	title={NW.js},
	author={NW.js Autoren},
	url={https://nwjs.io},
	organization={NW.js},
	note={21.03.2018}
}

@online{ photoshop,
	title = {Adobe Photoshop CC},
	author = {Adobe Photoshop Team},
	subtitle = {Fotos, Bilder und Designs bearbeiten},
	url = {https://www.adobe.com/at/products/photoshop.html},
	organization = {Adobe},
	note = {21.03.2018}
}

@online{ pixi,
	title = {PixiJS v4},
	author = {PixiJS},
	url = {http://www.pixijs.com},
	organization = {PixiJS},
	urldate = {2018-03-17}
}

@online{ popcorn,
	title = {Popcorn Time},
	authors = {Popcorn Time Autoren},
	url = {https://popcorntime.sh},
	subtitle = {Watch movies and TV shows constantly},
	note = {21.03.2018}
}

@online{ qt,
	title = {Qt | Cross-platform software development for embedded \& desktop},
	author = {Qt},
	url = {https://www.qt.io},
	organization = {Qt},
	note = {17.03.2018}
}

@book{ scrum,
	title = {Scrum},
	author = {Roman Pichler},
	year = {2009},
	subtitle = {Agiles Projektmanagement erfolgreich einsetzen},
	edition = {2. korrigierter Nachdruck},
	publisher = {dpunkt.verlag},
	pages = {1,19},
	pagetotal = {184}
}

@online{ soundcloud,
	title = {Soundcloud},
	author = {Soundcloud Autoren},
	subtitle = {Listen to free music and podcasts},
	url = {https://soundcloud.com},
	organization = {Soundcloud},
	note = {21.03.2018}
}

@online{ tangiblejs:electron-nwjs,
	title = {NW.js \& Electron Compared (2016 Edition)},
	author = {Jean-Philippe Côte},
	url = {http://tangiblejs.com/posts/nw-js-and-electron-compared-2016-edition},
	organization = {Tangible},
	year = {2016},
	note = {17.03.2018}
}

@online{ tiled,
	title = {Tiled Map Editor},
	subtitle = {A generic tile map editor},
	author = {Thorbjørn Lindeijer},
	url = {http://www.mapeditor.org},
	organization = {Tiled},
	year = {2017},
	note = {21.03.2018}
}

@online{ turtl,
	title = {Turtl},
	subtitle = {A secure, enrypted Evernote alternative},
	url = {https://turtlapp.com},
	organization = {Lyon Bros. Enterprises, LLC.},
	note = {21.03.2018}
}

@online{uglify,
	title = {UglifyJS},
	subtitle = {JavaScript parser, compressor, minifier written in JS},
	url = {http://lisperator.net/uglifyjs/},
	organization = {Lisperator.net},
	author = {Mihai Bazon},
	urldate = {2018-03-26}
}

% === Copied from "ausarbeitung-realtime-websockets" BEGIN ===
@misc{websocket-rfc,
	author = {A. Melnikov}, title = {The WebSocket Protocol},
	url = {https://tools.ietf.org/html/rfc6455}, year = 2011,
	urldate = {2018-03-25}
}

@book{websocket-high-perf,
	author = {Grigorik, Ilya},
	title = {High Performance Browser Networking},
	year = {2013},
	publisher = {O'Reilly Media},
	ISBN = {9781449344733; 9781449344740; 9781306810913},
	note = {This book provides what every web developer should know about the network - from fundamental limitations that affect performance to major innovations for building even more powerful browser apps.},
	keywords = {Computer Networks;},
    url = {https://hpbn.co/websocket/},
	urldate = {2018-03-25}
}

@misc{websocket-schema,
    title = {JSON-Schema specification},
    url = {http://json-schema.org},
	urldate = {2018-03-25}
}

@misc{websocket-auth,
    author = {José F. Romaniello}, title = {Token-based Authentication with Socket.IO},
    url = {https://auth0.com/blog/auth-with-socket-io/},
	year = 2014,
	urldate = {2018-03-25}
}

@misc{websocket-w3c,
	author = {Web Hypertext Application Technology Working Group}, title = {HTML Standard - WebSocket},
	url = {https://html.spec.whatwg.org/multipage/web-sockets.html#network}, year = 2017,
	urldate = {2018-03-25}
}

@misc{websocket-node-server,
	title = {Node.js WebSocket library},
	url = {https://github.com/websockets/ws}, year = 2017,
	urldate = {2018-03-25}
}

@misc{websocket-socket-io,
	title = {Socket.io library},
	url = {https://socket.io}, year = 2017,
	urldate = {2018-03-25}
}

@misc{websocket-diffsync-presentation,
	author = {Jan Monschke},
	title = {diffsync - build collaborative applications easily},
	url = {http://janmonschke.com/diffsync-presentation}, year = 2017,
	urldate = {2018-03-25}
}

@misc{websocket-diffsync-impl,
	author = {Jan Monschke},
	title = {diffsync - real-time collaborative editing of arbitrary JSON objects using the differntial synchronization algorithm},
    url = {http://janmonschke.com/projects/diffsync.html}, year = 2017,
	urldate = {2018-03-25}
}

@misc{websocket-sharejs-impl,
    author = {Joseph Gentle},
	title = {sharejs - Collaborative editing in any app},
    url = {https://github.com/josephg/ShareJS}, year = 2017,
	urldate = {2018-03-25}
}

@misc{websocket-websockify,
    title = {websockify - Websockify is a WebSocket to TCP proxy/bridge. This allows a browser to connect to any application/server/service. Implementations in Python, C, Node.js and Ruby.},
    url = {https://github.com/novnc/websockify}, year = 2017,
	urldate = {2018-03-25}
}

@misc{websocket-cswsh,
    title = {How Cross-Site WebSocket Hijacking could lead to full Session Compromise},
    url = {https://www.notsosecure.com/how-cross-site-websocket-hijacking-could-lead-to-full-session-compromise/}, year = 2014,
	urldate = {2018-03-25}
}

@inproceedings{websocket-differential,
	title={Differential synchronization},
	author={Fraser, Neil},
	booktitle={Proceedings of the 9th ACM symposium on Document engineering},
	pages={13--20},
	year={2009},
	organization={ACM},
    url = {https://neil.fraser.name/writing/sync/eng047-fraser.pdf},
	urldate = {2018-03-25}
}

@book{websocket-consistency-tanenbaum,
	Author = {Tanenbaum, A.S. and Van Steen, M.},
	Isbn = {9783827372932},
	pages={319--322},
	Publisher = {Addison Wesley Verlag},
	Series = {Pearson Studium},
	Title = {Verteilte Systeme: Prinzipien und Paradigmen},
	Url = {http://books.google.at/books?id=V6I6PQAACAAJ},
	Year = {2008},
	Bdsk-Url-1 = {http://books.google.at/books?id=V6I6PQAACAAJ}}
%	Date-Added = {2013-05-31 06:07:13 +0000},
%	Date-Modified = {2013-05-31 06:07:13 +0000},


% === Copied from "ausarbeitung-realtime-websockets" END ===
@misc{cloudmarkt, title={Cloud Market Keeps Growing at Over 40\%; Amazon Still Increases its Share}, url={https://www.srgresearch.com/articles/cloud-market-keeps-growing-over-40-amazon-still-increases-share}, year=2017,urldate = {2018-03-26}}
@misc{pixituts, title={PixiJS Tutorials}, url={http://www.pixijs.com/tutorials}, year=2017,urldate = {2018-03-26}}
@misc{pixiexamples, title={PixiJS Examples}, url={http://www.pixijs.com/examples},urldate = {2018-03-26}}
@misc{pixidocs, title={PixiJS Documentation}, url={http://pixijs.download/dev/docs/index.html},urldate = {2018-03-26}}
@misc{pixifaq, title={PixiJS FAQ on Github}, url={https://github.com/pixijs/pixi.js/wiki/FAQs},urldate = {2018-03-26}}
@misc{pixi-basic-example, title={Webpack Basisbeispiel}, url={http://pixijs.io/examples/#/basics/basic.js},urldate = {2018-03-26}}
@misc{ctr, title={Click-Through-Rate}, url={https://de.ryte.com/wiki/Click-Through-Rate#Durchschnittliche_H.C3.B6he_der_CTR},urldate = {2018-03-26}}

@misc{pixijsfaq, title={PixiJS FAQ}, url={http://www.pixijs.com/faq},urldate = {2018-03-28}}


@misc{zahl-stat, title={Bezahlinhalte aus Wachstumskursl}, url={http://www.fittkaumaass.de/news/bezahlinhalte_auf_wachstumskurs},urldate = {2018-03-26}}


@misc{javascript-history,
	title = {A Brief History of JavaScript},
	url = {https://auth0.com/blog/a-brief-history-of-javascript},
	urldate = {2018-03-25}
}

@misc{javascript-recent-standard,
	title = {Standard ECMA-262},
	url = {https://www.ecma-international.org/publications/standards/Ecma-262.htm},
	urldate = {2018-03-25}
}

@misc{tiled-forum,
	title = {Tiled Map Editor Forum},
	url = {http://discourse.mapeditor.org}
,urldate = {2018-03-26}
}



@online{javascript-babel,
	title = {Babel JavaScript compiler},
	url = {https://babeljs.io},
	urldate = {2018-03-25}
}

@online{javascript-promise,
	title = {Promise - JavaScript | MDN},
	url = {https://developer.mozilla.org/de/docs/Web/JavaScript/Reference/Global_Objects/Promise},
	urldate = {2018-03-25}
}

@online{javascript-module-history,
	title = {Brief history of JavaScript Modules},
	author = {Sung Choi},
	url = {https://medium.com/sungthecoder/javascript-module-module-loader-module-bundler-es6-module-confused-yet-6343510e7bde},
	urldate = {2018-03-25}
}

@online{javascript-2ality-import-export,
	title = {ECMAScript 6 modules: the final syntax},
	author = {Dr. Axel Rauschmayer},
	url = {http://2ality.com/2014/09/es6-modules-final.html#named-exports-several-per-module},
	urldate = {2018-03-25}
}

@online{impl-sync-javascript-jest,
	title = {Jest CLI Options},
	url = {https://facebook.github.io/jest/docs/en/cli.html#coverage},
	lastvisited = {2018-03-25}
}

@book{burndown,
	author = {George Dinwiddie},
	title = {Feel The Burn, Getting the Most out of Burn Charts},
	year = {2009},
	publisher = {StickyMinds},
	note = {},
    url = {http://idiacomputing.com/pub/BetterSoftware-BurnCharts.pdf},urldate = {2018-03-26}
}

@misc{pixi-performance, title={PixiJS v4 Performance Tips}, url={https://github.com/pixijs/pixi.js/wiki/v4-Performance-Tips},urldate = {2018-03-26}}

@misc{cloud, title={Was ist Cloud Computing}, url={https://www.bsi.bund.de/DE/Themen/DigitaleGesellschaft/CloudComputing/Grundlagen/Grundlagen_node.html}, journal={Bundesamt für Sicherheit in der Informationstechnik (BSI)},urldate = {2018-03-26}}

@misc{rendern, title={Bildsynchronisation / rendern}, url={https://de.wikipedia.org/wiki/Bildsynthese}, journal={Wikipedia},urldate = {2018-03-26}}

@book{webgl,
	author = {Tony Parisi},
	title = {Programming 3D Applications with HTML5 and WebGL},
	year = {2014},
	publisher = {O'Reilly Media},
	ISBN={1-4493-6296-6},
	pages = {3-8},urldate = {2018-03-26},
}

@misc{canvas, title={HTML5 Dokumentation}, url={https://www.w3.org/TR/html5/embedded-content-0.html#the-canvas-element}, journal={W3},urldate = {2018-03-26}}


@misc{google-custom, title={Goolge Cloud Benutzerdefinierte Maschienentypen}, url={https://cloud.google.com/compute/pricing#custommachinetypepricing}, journal={Google Inc.},urldate = {2018-03-26}}


@misc{google-pricing, title={Goolge Cloud Compute-Engines Pricing}, url={https://cloud.google.com/compute/pricing}, journal={Google Inc.},urldate = {2018-03-26}}



@misc{opengl, title={OpenGL}, url={https://de.wikipedia.org/wiki/OpenGL}, journal={Wikipedia},urldate = {2018-03-26}}
@misc{dom, title={Das Document Object Model (DOM)}, url={https://www.data2type.de/xml-xslt-xslfo/xml/xml-in-a-nutshell/document-object-model/}, journal={data2type},urldate = {2018-03-26}}


@misc{aws-ec3-pricing, title={Preise für Amazon EC2 – AWS}, url={https://aws.amazon.com/de/ec2/pricing/}, journal={Amazon Web Services, Inc.},urldate = {2018-03-26}}

@misc{aws, title={Amazon Web Service }, url={https://aws.amazon.com/de/}, journal={Amazon Web Services, Inc.},urldate = {2018-03-26}}
@misc{azure, title={MS Azure}, url={https://azure.microsoft.com/de-de/}, journal={Microsoft},urldate = {2018-03-26}}
@misc{google, title={Goolge Cloud}, url={https://cloud.google.com}, journal={Google Inc.},urldate = {2018-03-26}}


@misc{aws-ec3-on-demand-pricing, title={Preise für Amazon EC2 On-Demand – AWS}, url={https://aws.amazon.com/de/ec2/pricing/on-demand/},urldate = {2018-03-26}, journal={Amazon Web Services, Inc.}}

@misc{aws-s3-pricing, title={Preise für Amazon S3 }, url={https://aws.amazon.com/de/s3/pricing/}, journal={Amazon Web Services, Inc.},urldate = {2018-03-26}}

@misc{aws-ec3-spot-pricing, title={Preise für Amazon EC2 Spot-Instances – AWS}, url={https://aws.amazon.com/de/ec2/spot/pricing/}, journal={Amazon Web Services, Inc.},urldate = {2018-03-26}}


@misc{aws-ec3-reserved-pricing, title={Preise für Amazon EC2 Reserved Instances – AWS}, url={https://aws.amazon.com/de/ec2/pricing/reserved-instances/pricing/}, journal={Amazon Web Services, Inc.},urldate = {2018-03-26}}

@misc{aws-ec3-dedicated-pricing, title={Preise für Amazon EC2 Dedicated Host – AWS}, url={https://aws.amazon.com/de/ec2/dedicated-hosts/pricing/}, journal={Amazon Web Services, Inc.},urldate = {2018-03-26}}

@misc{netcup, title={virtuelle Server (VPS)}, url={https://www.netcup.de/vserver/vps.php##features}, journal={netcup GmbH - vServer / VPS}, author={Preuss, Felix},urldate = {2018-03-26}}

@misc{google-tables, title={Goolge Tabellen}, url={https://docs.google.com/spreadsheets/u/0/}, journal={Google},urldate={24-03-2018}}


@misc{ovh, title={Die Virtual Private Server (VPS) von OVH}, url={https://www.ovh.de/virtual_server/}, journal={VServer: Virtual Server für Einsteiger und Profis - OVH}, author={Ovh},urldate = {2018-03-26}}

@misc{internex, title={Virtual Server / vServer}, url={https://www.internex.at/de/server/virtual-server-vserver-vps/}, journal={internex Business Class Hosting}, author={Serverhousing, internex.at: Webhosting Webspace},urldate = {2018-03-26}}

@misc{jiffybox, title={Ihr JiffyBox CloudServer: UnbegrenzteMöglichkeiten zu klar begrenzten Kosten.}, url={https://www.df.eu/at/cloud-hosting}, journal={Cloud Hosting – Skalierbare JiffyBox CloudServer},urldate = {2018-03-26}}

@misc{speedyads, title={SpeedyAds}, url={http://www.speedyads.com},urldate = {2018-03-26}}

@misc{adsense, title={Google AdSense}, url={https://www.google.com/adsense/start/},urldate = {2018-03-26}}

% <=====================3
% <=  Max's Safespace  =3
% <=====================3

@misc{aws-nosql,
	title = {{Was ist NoSQL? – Amazon Web Services (AWS)}},
	url = {https://aws.amazon.com/de/nosql/},
	urldate = {2018-03-24}
}

@misc{tiled-json,
	author = {{Thorbj{\o}rn, Lindeijer}},
	title = {{JSON Map Format — Tiled 1.1.0 documentation}},
	url = {http://doc.mapeditor.org/en/latest/reference/json-map-format/},
	urldate = {2018-03-14}
}

@misc{tiled-tmx,
	author = {{Thorbj{\o}rn, Lindeijer}},
	title = {{TMX Map Format — Tiled 1.1.0 documentation}},
	url = {http://doc.mapeditor.org/en/latest/reference/tmx-map-format/},
	urldate = {2018-03-14}
}

@misc{tile-tmx-frameworks,
	author = {Thorbj{\o}rn, Lindeijer},
	title = {{Libraries and Frameworks — Tiled 1.1.0 documentation}},
	url = {http://doc.mapeditor.org/en/latest/reference/support-for-tmx-maps/},
	urldate = {2018-03-14}
}

@misc{mappy,
	title = {{Mappy Tile Map Editor - A utility for creating flexible 'maps' for 2D and 3D tile based games}},
	url = {http://tilemap.co.uk/mappy.php},
	urldate = {2018-03-25}
}
@misc{gamedev,
	title = {{The Scrolling Game Development Kit Homepage}},
	url = {http://gamedev.sourceforge.net/},
	urldate = {2018-03-25}
}
@misc{tile-studio,
	title = {{Tile Studio}},
	url = {http://tilestudio.sourceforge.net/},
	urldate = {2018-03-25}
}


@misc{couchbase,
	title = {{NoSQL Engagement Database | Couchbase}},
	url = {https://www.couchbase.com/},
	urldate = {2018-03-17}
}

h
@misc{aws-scaling,
	title = {Amazon Web Service EC2 Autoscaling},
	url = {ttps://aws.amazon.com/de/ec2/autoscaling/},
	urldate = {2018-03-27}
}

@misc{cloud-watch,
	title = {Amazon Web Service CloudWatch},
	url = {ttps://aws.amazon.com/de/ec2/autoscaling/},
	urldate = {2018-03-27}
}

@misc{couchbase-buckets,
	title = {Couchbase Buckets},
	url = {https://developer.couchbase.com/documentation/server/current/architecture/core-data-access-buckets.html},
	urldate = {2018-03-24}
}

@misc{couchbase-sdk,
	title = {{Couchbase SDKs}},
	url = {https://developer.couchbase.com/documentation/server/4.0/sdks/intro.html},
	urldate = {2018-03-24}
}

@misc{couchbase-key-value,
	title = {{About keys, values and metadata}},
	url = {https://developer.couchbase.com/documentation/server/3.x/developer/dev-guide-3.0/keys-values.html},
	urldate = {2018-03-24}
}

@misc{couchbase-datamanagement,
	title = {{Couchbase Data Management}},
	url = {https://developer.couchbase.com/documentation/server/current/concepts/data-management.html{\#}story-h2-2},
	urldate = {2018-03-24}
}

@misc{couchbase-scaling,
title = {{Couchbase Multidimensional Scaling}},
url = {https://developer.couchbase.com/documentation/server/current/architecture/services-archi-multi-dimensional-scaling.html},
urldate = {2018-03-24}
}

@misc{couchbase-views,
	title = {{Views, Indexing, and Index Service}},
	url = {https://developer.couchbase.com/documentation/server/current/architecture/views-indexing-index-service.html},
	urldate = {2018-03-24}
}

@misc{couchbase-server,
	title = {{Couchbase Server | Couchbase}},
	url = {https://www.couchbase.com/products/server},
	urldate = {2018-03-25}
}


@misc{n1ql,
	title = {{N1QL (SQL for JSON) - Database Query Language | Couchbase}},
	url = {https://www.couchbase.com/products/n1ql},
	urldate = {2018-03-17}
}

@inproceedings{sha1-coll,
	abstract = {sha-1 collision crafted in 110 GPU-years},
	author = {Stevens, Marc and Bursztein, Elie and Karpman, Pierre and Albertini, Ange and Markov, Yarik},
	booktitle = {Lecture Notes in Computer Science (including subseries Lecture Notes in Artificial Intelligence and Lecture Notes in Bioinformatics)},
	doi = {10.1007/978-3-319-63688-7_19},
	isbn = {9783319636870},
	issn = {16113349},
	keywords = {Collision attack,Collision example,Cryptanalysis,Differential path construction,Hash function},
	pages = {570--596},
	title = {{The first collision for full SHA-1}},
	url = {https://shattered.io/static/shattered.pdf},
	volume = {10401 LNCS},
	year = {2017}
}

@misc{oauth2,
	title = {{OAuth 2.0 — OAuth}},
	url = {https://oauth.net/2/},
	urldate = {2018-03-20}
}

@misc{jtm,
	author = {{Maximilian M{\"{u}}ller}},
	keywords = {tilehub},
	title = {tilehub/jtm},
	url = {https://github.com/tilehub/jtm},
	urldate = {2018-03-21}
}

@misc{cc-sa,
	title = {{Creative Commons — Attribution-ShareAlike 3.0 Unported — CC BY-SA 3.0}},
	url = {https://creativecommons.org/licenses/by-sa/3.0/},
	urldate = {2018-03-21}
}

@misc{digital-ocean-oauth2,
	title = {{An Introduction to OAuth 2 | DigitalOcean}},
	url = {https://www.digitalocean.com/community/tutorials/an-introduction-to-oauth-2},
	urldate = {2018-03-21}
}

@misc{xna,
	title = {{XNA Game Studio 4.0}},
	url = {https://www.microsoft.com/en-us/download/details.aspx?id=23714},
	urldate = {2018-03-21}
}

@misc{stardew-xna,
	author = {{Amy Lin}},
	month = {feb},
	title = {{Stardew Valley: Pushing The Boundaries of Farming RPGs | The Cornell Daily Sun}},
	url = {http://cornellsun.com/2016/02/23/stardew-valley-pushing-the-boundaries-of-farming-rpgs/},
	year = {2016}
}

@misc{pygame,
	title = {{Pygame}},
	url = {https://www.pygame.org/},
	urldate = {2018-03-21}
}

@misc{unity,
	title = {{Unity 3D}},
	url = {https://unity3d.com/},
	urldate = {2018-03-21}
}

@misc{unrealengine,
	title = {{Unreal Engine 4}},
	url = {https://www.unrealengine.com},
	urldate = {2018-03-21}
}

@misc{jsondiffpatch,
	title = {{Json Diff Patch}},
	url = {https://github.com/benjamine/jsondiffpatch},
	urldate = {2018-03-21}
}

@misc{monogame-web,
	title = {{What is MonoGame | MonoGame}},
	url = {http://www.monogame.net/documentation/?page=What{\_}is{\_}MonoGame},
	urldate = {2018-03-25}
}

@misc{monogame-3d,
	title = {{RenderTarget3D for DirectX by tomspilman {\textperiodcentered} Pull Request {\#}1549 {\textperiodcentered} MonoGame/MonoGame}},
	url = {https://github.com/MonoGame/MonoGame/pull/1549},
	urldate = {2018-03-25}
}

@techreport{rfc4122,
	author = {Paul J. Leach and Michael Mealling and Rich Salz},
	shorthand = {RFC4122},
	title = {A Universally Unique IDentifier (UUID) URN Namespace},
	howpublished = {Internet Requests for Comments},
	type = {RFC},
	number = {4122},
	year = {2005},
	month = {July},
	issn = {2070-1721},
	publisher = {RFC Editor},
	institution = {RFC Editor},
	url = {http://www.rfc-editor.org/rfc/rfc4122.txt},
	note = {\url{http://www.rfc-editor.org/rfc/rfc4122.txt}},
}

@techreport{rfc5322,
	author = {Peter W.  Resnick},
	title = {Internet Message Format},
	howpublished = {Internet Requests for Comments},
	type = {RFC},
	shorthand = {RFC5322},
	number = {5322},
	year = {2008},
	month = {October},
	issn = {2070-1721},
	publisher = {RFC Editor},
	institution = {RFC Editor},
	url = {http://www.rfc-editor.org/rfc/rfc5322.txt},
	note = {\url{http://www.rfc-editor.org/rfc/rfc5322.txt}},
}


% <====================3

	